@inproceedings{ager2003functional,
  title={A functional correspondence between evaluators and abstract machines},
  author={Ager, M.S. and Biernacki, D. and Danvy, O. and Midtgaard, J.},
  booktitle={Principles and practice of declarative programming},
  year={2003}
}

@book{appel2007compiling,
  title={Compiling with continuations},
  author={Appel, A.W.},
  year={2007},
  publisher={Cambridge Univ Pr}
}

@book{barendregt1984lambda,
  title={The lambda calculus: Its syntax and semantics},
  author={Barendregt, H.P.},
  year={1984}
}

@article{barras1997coq,
  title={The Coq proof assistant reference manual: Version 6.1},
  author={Barras, B. and Boutin, S. and Cornes, C. and Courant, J. and Filliatre, J.C. and Gimenez, E. and Herbelin, H. and Huet, G. and Munoz, C. and Murthy, C. and others},
  year={1997}
}

@article{clements2001modeling,
  title={Modeling an algebraic stepper},
  author={Clements, J. and Flatt, M. and Felleisen, M.},
  journal={Programming Languages and Systems},
  year={2001}
}

@article{clements2004tail,
  title={A tail-recursive machine with stack inspection},
  author={Clements, J. and Felleisen, M.},
  journal={Transactions on Programming Languages and Systems},
  year={2004}
}

@phdthesis{clements2006portable,
  title={Portable and high-level access to the stack with Continuation Marks},
  author={Clements, J.},
  year={2006},
  school={Northeastern University}
}

@article{clements2008implementing,
  title={Implementing continuation marks in JavaScript},
  author={Clements, J. and Sundaram, A. and Herman, D.},
  journal={Computer Science and Software Engineering},
  year={2008}
}

@article{felleisen1992revised,
  title={The revised report on the syntactic theories of sequential control and state},
  author={Felleisen, M. and Hieb, R.},
  journal={Theoretical computer science},
  year={1992}
}

@article{findler2010redex,
  title={Redex: Practical Semantics Engineering},
  author={Findler, R.B. and Klein, C.},
  year={2010}
}

@inproceedings{klein2012run,
  title={Run your research: on the effectiveness of lightweight mechanization},
  author={Klein, C. and Clements, J. and Dimoulas, C. and Eastlund, C. and Felleisen, M. and Flatt, M. and McCarthy, J.A. and Rafkind, J. and Tobin-Hochstadt, S. and Findler, R.B.},
  booktitle={Principles of programming languages},
  year={2012}
}

@inproceedings{moggi1989computational,
  title={Computational lambda-calculus and monads},
  author={Moggi, E.},
  booktitle={Logic in Computer Science},
  year={1989}
}

@inproceedings{pettyjohn2005continuations,
  title={Continuations from generalized stack inspection},
  author={Pettyjohn, G. and Clements, J. and Marshall, J. and Krishnamurthi, S. and Felleisen, M.},
  booktitle={ACM SIGPLAN Notices},
  year={2005}
}

@article{plotkin1975call,
  title={Call-by-name, call-by-value and the $\lambda$-calculus},
  author={Plotkin, G.D.},
  journal={Theoretical computer science},
  year={1975}
}

@techreport{plt-tr1,
  title       = {Reference: Racket},
  author      = {Matthew Flatt and PLT},
  number      = {PLT-TR-2010-1},
  institution = {PLT Inc.},
  year        = {2010},
  note        = {\url{http://racket-lang.org/tr1/}}
}

@inproceedings{tucker2003pointcuts,
  title={Pointcuts and advice in higher-order languages},
  author={Tucker, D.B. and Krishnamurthi, S.},
  booktitle={Aspect-oriented software development},
  year={2003}
}

